@misc{one_out_of_many,
	title        = {One-out-of-Many Proofs: Or How to Leak a Secret and Spend a Coin},
	author       = {Jens Groth and Markulf Kohlweiss},
	howpublished = {Cryptology ePrint Archive, Report 2014/764},
	year         = {2014},
	url          = {https://ia.cr/2014/764},
}

@misc{short_ring_signatures,
	title        = {Short Accountable Ring Signatures Based on DDH},
	author       = {Jonathan Bootle and Andrea Cerulli and Pyrros Chaidos and Essam Ghadafi and Jens Groth and Christophe Petit},
	howpublished = {Cryptology ePrint Archive, Report 2015/643},
	year         = {2015},
	url          = {https://ia.cr/2015/643},
}


@misc{triptych,
	title        = {Triptych: logarithmic-sized linkable ring signatures with applications},
	author       = {Sarang Noether and Brandon Goodell},
	howpublished = {Cryptology ePrint Archive, Report 2020/018},
	year         = {2020},
	url          = {https://ia.cr/2020/018},
}

@inproceedings{dh_vars,
	title        = {Variations of Diffie-Hellman Problem},
	author       = {Feng Bao and Robert H. Deng and HuaFei Zhu},
	booktitle    = {Information and Communications Security},
	year         = {2003},
	pages        = {301-312},
	doi          = {10.1007/978-3-540-39927-8_28},
	url          = {https://citeseerx.ist.psu.edu/viewdoc/download?doi=10.1.1.104.3007&rep=rep1&type=pdf}
}

@inproceedings{curve25519,
	title        = {Curve25519: New Diffie-Hellman Speed Records},
	author       = {Daniel J. Bernstein},
	booktitle    = {Public Key Cryptography -- PKC 2006},
	year         = {2006},
	pages        = {207-228},
	doi          = {10.1007/11745853_14},
	url          = {https://cr.yp.to/ecdh/curve25519-20060209.pdf}
}
